%Papers for undergrads in dynamical systems


@article{abrams2011dynamics,
  title={Dynamics of social group competition: modeling the decline of religious affiliation},
  author={Abrams, Daniel M and Yaple, Haley A and Wiener, Richard J},
  journal={Physical Review Letters},
  volume={107},
  number={8},
  pages={088701},
  year={2011},
  publisher={APS}
}


@article{doi:10.1137/19M1306658,
author = {Volkening, Alexandria and Linder, Daniel F. and Porter, Mason A. and Rempala, Grzegorz A.},
title = {Forecasting Elections Using Compartmental Models of Infection},
journal = {SIAM Review},
volume = {62},
number = {4},
pages = {837-865},
year = {2020},
doi = {10.1137/19M1306658},
URL = {https://doi.org/10.1137/19M1306658
},
eprint = {https://doi.org/10.1137/19M1306658}
}

@article{bouchaud2000wealth,
  title={Wealth condensation in a simple model of economy},
  author={Bouchaud, Jean-Philippe and M{\'e}zard, Marc},
  journal={Physica A: Statistical Mechanics and its Applications},
  volume={282},
  number={3-4},
  pages={536--545},
  year={2000},
  publisher={Elsevier}
}

@article{anderies2000modeling,
  title={On modeling human behavior and institutions in simple ecological economic systems},
  author={Anderies, John M},
  journal={Ecological Economics},
  volume={35},
  number={3},
  pages={393--412},
  year={2000},
  publisher={Elsevier}
}

@article{motesharrei2014human,
  title={Human and nature dynamics (HANDY): Modeling inequality and use of resources in the collapse or sustainability of societies},
  author={Motesharrei, Safa and Rivas, Jorge and Kalnay, Eugenia},
  journal={Ecological Economics},
  volume={101},
  pages={90--102},
  year={2014},
  publisher={Elsevier}
}

@article{brunton2016discovering,
  title={Discovering governing equations from data by sparse identification of nonlinear dynamical systems},
  author={Brunton, Steven L and Proctor, Joshua L and Kutz, J Nathan},
  journal={Proceedings of the National Academy of Sciences},
  volume={113},
  number={15},
  pages={3932--3937},
  year={2016},
  publisher={National Acad Sciences}
}

@article{courchamp1999cats,
  title={Cats protecting birds: modelling the mesopredator release effect},
  author={Courchamp, Franck and Langlais, Michel and Sugihara, George},
  journal={Journal of Animal Ecology},
  volume={68},
  number={2},
  pages={282--292},
  year={1999},
  publisher={Wiley Online Library}
}

@article{cox2005simple,
  title={Simple model for tuberculosis in cattle and badgers},
  author={Cox, DR and Donnelly, Christl A and Bourne, F John and Gettinby, George and McInerney, John P and Morrison, W Ivan and Woodroffe, Rosie},
  journal={Proceedings of the National Academy of Sciences},
  volume={102},
  number={49},
  pages={17588--17593},
  year={2005},
  publisher={National Acad Sciences}
}

@article{ermentrout1984beyond,
  title={Beyond a pacemaker's entrainment limit: phase walk-through},
  author={Ermentrout, G Bard and Rinzel, John},
  journal={American Journal of Physiology-Regulatory, Integrative and Comparative Physiology},
  volume={246},
  number={1},
  pages={R102--R106},
  year={1984},
  publisher={American Physiological Society Bethesda, MD}
}

@article{esteva2006modelling,
  title={Modelling parasitism and predation of mosquitoes by water mites},
  author={Esteva, Lourdes and Rivas, Gerardo and Yang, Hyun Mo},
  journal={Journal of Mathematical Biology},
  volume={53},
  number={4},
  pages={540--555},
  year={2006},
  publisher={Springer}
}

@article{friedman1991evolutionary,
  title={Evolutionary games in economics},
  author={Friedman, Daniel},
  journal={Econometrica: Journal of the Econometric Society},
  pages={637--666},
  year={1991},
  publisher={JSTOR}
}

@article{izhikevich2003simple,
  title={Simple model of spiking neurons},
  author={Izhikevich, Eugene M},
  journal={IEEE Transactions on Neural Networks},
  volume={14},
  number={6},
  pages={1569--1572},
  year={2003},
  publisher={IEEE}
}

@article{jeffs2016activist,
  title={Activist model of political party growth},
  author={Jeffs, Rebecca A and Hayward, John and Roach, Paul A and Wyburn, John},
  journal={Physica A: Statistical Mechanics and its Applications},
  volume={442},
  pages={359--372},
  year={2016},
  publisher={Elsevier}
}

@article{ludwig1978qualitative,
  title={Qualitative analysis of insect outbreak systems: the spruce budworm and forest},
  author={Ludwig, Donald and Jones, Dixon D and Holling, Crawford S},
  journal={The Journal of Animal Ecology},
  pages={315--332},
  year={1978},
  publisher={JSTOR}
}



@article{munz2009zombies,
  title={When zombies attack!: mathematical modelling of an outbreak of zombie infection},
  author={Munz, Philip and Hudea, Ioan and Imad, Joe and Smith, Robert J},
  journal={Infectious disease modelling research progress},
  volume={4},
  pages={133--150},
  year={2009},
  publisher={Nova Science Publishers Hauppauge, NY USA}
}


@article{doi:10.1137/20M1360888,
author = {Johnson, Joseph D. and Redlich, Adam M. and Abrams, Daniel M.},
title = {A Mathematical Model for the Origin of Name Brands and Generics},
journal = {SIAM Review},
volume = {64},
number = {3},
pages = {625-639},
year = {2022},
doi = {10.1137/20M1360888}
}

@article{rothman2019characteristic,
  title={Characteristic disruptions of an excitable carbon cycle},
  author={Rothman, Daniel H},
  journal={Proceedings of the National Academy of Sciences},
  volume={116},
  number={30},
  pages={14813--14822},
  year={2019},
  publisher={National Acad Sciences}
}

@article{ruth2020dodge,
  title={Dodge and survive: modeling the predatory nature of dodgeball},
  author={Ruth, Perrin E and Restrepo, Juan G},
  journal={Physical Review E},
  volume={102},
  number={6},
  pages={062302},
  year={2020},
  publisher={APS}
}

@article{caussin2014emergent,
  title={Emergent spatial structures in flocking models: a dynamical system insight},
  author={Caussin, Jean-Baptiste and Solon, Alexandre and Peshkov, Anton and Chat{\'e}, Hugues and Dauxois, Thierry and Tailleur, Julien and Vitelli, Vincenzo and Bartolo, Denis},
  journal={Physical review letters},
  volume={112},
  number={14},
  pages={148102},
  year={2014},
  publisher={APS}
}

@article{gray2018multiagent,
  title={Multiagent decision-making dynamics inspired by honeybees},
  author={Gray, Rebecca and Franci, Alessio and Srivastava, Vaibhav and Leonard, Naomi Ehrich},
  journal={IEEE Transactions on Control of Network Systems},
  volume={5},
  number={2},
  pages={793--806},
  year={2018},
  publisher={IEEE}
}

@article{eppinga2021long,
  title={Long-term transients help explain regime shifts in consumer-renewable resource systems},
  author={Eppinga, Maarten B and Siteur, Koen and Baudena, Mara and Reader, Martin O and van’t Veen, Hanneke and Anderies, John M and Santos, Maria J},
  journal={Communications Earth \& Environment},
  volume={2},
  number={1},
  pages={1--12},
  year={2021},
  publisher={Nature Publishing Group}
}

@article{sinervo1996rock,
  title={The rock--paper--scissors game and the evolution of alternative male strategies},
  author={Sinervo, Barry and Lively, Curt M},
  journal={Nature},
  volume={380},
  number={6571},
  pages={240},
  year={1996},
  publisher={Nature Publishing Group}
}

@article{strogatz2000kuramoto,
  title={From {K}uramoto to {C}rawford: exploring the onset of synchronization in populations of coupled oscillators},
  author={Strogatz, Steven H},
  journal={Physica D: Nonlinear Phenomena},
  volume={143},
  number={1-4},
  pages={1--20},
  year={2000},
  publisher={Elsevier}
}

@article{strogatz2005theoretical,
  title={Theoretical mechanics: Crowd synchrony on the Millennium Bridge},
  author={Strogatz, Steven H and Abrams, Daniel M and McRobie, Allan and Eckhardt, Bruno and Ott, Edward},
  journal={Nature},
  volume={438},
  number={7064},
  pages={43},
  year={2005},
  publisher={Nature Publishing Group}
}

@article{tacchella2018dynamical,
  title={A dynamical systems approach to gross domestic product forecasting},
  author={Tacchella, Andrea and Mazzilli, Dario and Pietronero, Luciano},
  journal={Nature Physics},
  volume={14},
  number={8},
  pages={861},
  year={2018},
  publisher={Nature Publishing Group}
}

@article{tremaine2014earth,
  title={Why do Earth satellites stay up?},
  author={Tremaine, Scott and Yavetz, Tomer D},
  journal={American Journal of Physics},
  volume={82},
  number={8},
  pages={769--777},
  year={2014},
  publisher={AAPT}
}

@article{tyson2003sniffers,
  title={Sniffers, buzzers, toggles and blinkers: dynamics of regulatory and signaling pathways in the cell},
  author={Tyson, John J and Chen, Katherine C and Novak, Bela},
  journal={Current Opinion in Cell Biology},
  volume={15},
  number={2},
  pages={221--231},
  year={2003},
  publisher={Elsevier}
}

@article{ye2015equation,
  title={Equation-free mechanistic ecosystem forecasting using empirical dynamic modeling},
  author={Ye, Hao and Beamish, Richard J and Glaser, Sarah M and Grant, Sue CH and Hsieh, Chih-hao and Richards, Laura J and Schnute, Jon T and Sugihara, George},
  journal={Proceedings of the National Academy of Sciences},
  volume={112},
  number={13},
  pages={E1569--E1576},
  year={2015},
  publisher={National Acad Sciences}
}


@article{yang2020us,
  title={Why are US parties so polarized? A “satisficing” dynamical model},
  author={Yang, Vicky Chuqiao and Abrams, Daniel M and Kernell, Georgia and Motter, Adilson E},
  journal={SIAM Review},
  volume={62},
  number={3},
  pages={646--657},
  year={2020},
  publisher={SIAM}
}

@article{clifton2019mathematical,
  title={Mathematical model of gender bias and homophily in professional hierarchies},
  author={Clifton, Sara M and Hill, Kaitlin and Karamchandani, Avinash J and Autry, Eric A and McMahon, Patrick and Sun, Grace},
  journal={Chaos: An Interdisciplinary Journal of Nonlinear Science},
  volume={29},
  number={2},
  pages={023135},
  year={2019},
  publisher={AIP Publishing LLC}
}

@article{clifton2018tipping,
  title={The tipping point: A mathematical model for the profit-driven abandonment of restaurant tipping},
  author={Clifton, Sara M and Herbers, Eileen and Chen, Jack and Abrams, Daniel M},
  journal={Chaos: An Interdisciplinary Journal of Nonlinear Science},
  volume={28},
  number={2},
  pages={023109},
  year={2018},
  publisher={AIP Publishing LLC}
}


% 