%Papers for undergrads in dynamical systems
@article{abrams2003linguistics,
  title={Linguistics: modelling the dynamics of language death},
  author={Abrams, Daniel M and Strogatz, Steven H},
  journal={Nature},
  volume={424},
  number={6951},
  pages={900},
  year={2003},
  publisher={Nature Publishing Group}
}

@article{abrams2011dynamics,
  title={Dynamics of social group competition: modeling the decline of religious affiliation},
  author={Abrams, Daniel M and Yaple, Haley A and Wiener, Richard J},
  journal={Physical Review Letters},
  volume={107},
  number={8},
  pages={088701},
  year={2011},
  publisher={APS}
}

@article{abrams2012model,
  title={A model balancing cooperation and competition can explain our right-handed world and the dominance of left-handed athletes},
  author={Abrams, Daniel M and Panaggio, Mark J},
  journal={Journal of the Royal Society Interface},
  pages={20120211},
  year={2012},
  publisher={The Royal Society}
}

@article{aihara2011complex,
  title={Complex and transitive synchronization in a frustrated system of calling frogs},
  author={Aihara, Ikkyu and Takeda, Ryu and Mizumoto, Takeshi and Otsuka, Takuma and Takahashi, Toru and Okuno, Hiroshi G and Aihara, Kazuyuki},
  journal={Physical Review E},
  volume={83},
  number={3},
  pages={031913},
  year={2011},
  publisher={APS}
}

@article{brunton2016discovering,
  title={Discovering governing equations from data by sparse identification of nonlinear dynamical systems},
  author={Brunton, Steven L and Proctor, Joshua L and Kutz, J Nathan},
  journal={Proceedings of the National Academy of Sciences},
  volume={113},
  number={15},
  pages={3932--3937},
  year={2016},
  publisher={National Acad Sciences}
}

@article{courchamp1999cats,
  title={Cats protecting birds: modelling the mesopredator release effect},
  author={Courchamp, Franck and Langlais, Michel and Sugihara, George},
  journal={Journal of Animal Ecology},
  volume={68},
  number={2},
  pages={282--292},
  year={1999},
  publisher={Wiley Online Library}
}

@article{cox2005simple,
  title={Simple model for tuberculosis in cattle and badgers},
  author={Cox, DR and Donnelly, Christl A and Bourne, F John and Gettinby, George and McInerney, John P and Morrison, W Ivan and Woodroffe, Rosie},
  journal={Proceedings of the National Academy of Sciences},
  volume={102},
  number={49},
  pages={17588--17593},
  year={2005},
  publisher={National Acad Sciences}
}

@article{ermentrout1984beyond,
  title={Beyond a pacemaker's entrainment limit: phase walk-through},
  author={Ermentrout, G Bard and Rinzel, John},
  journal={American Journal of Physiology-Regulatory, Integrative and Comparative Physiology},
  volume={246},
  number={1},
  pages={R102--R106},
  year={1984},
  publisher={American Physiological Society Bethesda, MD}
}

@article{esteva2006modelling,
  title={Modelling parasitism and predation of mosquitoes by water mites},
  author={Esteva, Lourdes and Rivas, Gerardo and Yang, Hyun Mo},
  journal={Journal of Mathematical Biology},
  volume={53},
  number={4},
  pages={540--555},
  year={2006},
  publisher={Springer}
}

@article{friedman1991evolutionary,
  title={Evolutionary games in economics},
  author={Friedman, Daniel},
  journal={Econometrica: Journal of the Econometric Society},
  pages={637--666},
  year={1991},
  publisher={JSTOR}
}

@article{izhikevich2003simple,
  title={Simple model of spiking neurons},
  author={Izhikevich, Eugene M},
  journal={IEEE Transactions on Neural Networks},
  volume={14},
  number={6},
  pages={1569--1572},
  year={2003},
  publisher={IEEE}
}

@article{jeffs2016activist,
  title={Activist model of political party growth},
  author={Jeffs, Rebecca A and Hayward, John and Roach, Paul A and Wyburn, John},
  journal={Physica A: Statistical Mechanics and its Applications},
  volume={442},
  pages={359--372},
  year={2016},
  publisher={Elsevier}
}

@article{ludwig1978qualitative,
  title={Qualitative analysis of insect outbreak systems: the spruce budworm and forest},
  author={Ludwig, Donald and Jones, Dixon D and Holling, Crawford S},
  journal={The Journal of Animal Ecology},
  pages={315--332},
  year={1978},
  publisher={JSTOR}
}

@article{marvel2012encouraging,
  title={Encouraging moderation: clues from a simple model of ideological conflict},
  author={Marvel, Seth A and Hong, Hyunsuk and Papush, Anna and Strogatz, Steven H},
  journal={Physical Review Letters},
  volume={109},
  number={11},
  pages={118702},
  year={2012},
  publisher={APS}
}

@article{munz2009zombies,
  title={When zombies attack!: mathematical modelling of an outbreak of zombie infection},
  author={Munz, Philip and Hudea, Ioan and Imad, Joe and Smith, Robert J},
  journal={Infectious disease modelling research progress},
  volume={4},
  pages={133--150},
  year={2009},
  publisher={Nova Science Publishers Hauppauge, NY USA}
}

@article{rinaldi2013mathematical,
  title={A mathematical model of ``{G}one with the {W}ind"},
  author={Rinaldi, Sergio and Della Rossa, Fabio and Landi, Pietro},
  journal={Physica A: Statistical Mechanics and its Applications},
  volume={392},
  number={15},
  pages={3231--3239},
  year={2013},
  publisher={Elsevier}
}

@article{roe2009feedbacks,
  title={Feedbacks, timescales, and seeing red},
  author={Roe, Gerard},
  journal={Annual Review of Earth and Planetary Sciences},
  volume={37},
  pages={93--115},
  year={2009},
  publisher={Annual Reviews}
}

@article{sinervo1996rock,
  title={The rock--paper--scissors game and the evolution of alternative male strategies},
  author={Sinervo, Barry and Lively, Curt M},
  journal={Nature},
  volume={380},
  number={6571},
  pages={240},
  year={1996},
  publisher={Nature Publishing Group}
}

@article{strogatz2000kuramoto,
  title={From {K}uramoto to {C}rawford: exploring the onset of synchronization in populations of coupled oscillators},
  author={Strogatz, Steven H},
  journal={Physica D: Nonlinear Phenomena},
  volume={143},
  number={1-4},
  pages={1--20},
  year={2000},
  publisher={Elsevier}
}

@article{strogatz2005theoretical,
  title={Theoretical mechanics: Crowd synchrony on the Millennium Bridge},
  author={Strogatz, Steven H and Abrams, Daniel M and McRobie, Allan and Eckhardt, Bruno and Ott, Edward},
  journal={Nature},
  volume={438},
  number={7064},
  pages={43},
  year={2005},
  publisher={Nature Publishing Group}
}

@article{tacchella2018dynamical,
  title={A dynamical systems approach to gross domestic product forecasting},
  author={Tacchella, Andrea and Mazzilli, Dario and Pietronero, Luciano},
  journal={Nature Physics},
  volume={14},
  number={8},
  pages={861},
  year={2018},
  publisher={Nature Publishing Group}
}

@article{tremaine2014earth,
  title={Why do Earth satellites stay up?},
  author={Tremaine, Scott and Yavetz, Tomer D},
  journal={American Journal of Physics},
  volume={82},
  number={8},
  pages={769--777},
  year={2014},
  publisher={AAPT}
}

@article{tyson2003sniffers,
  title={Sniffers, buzzers, toggles and blinkers: dynamics of regulatory and signaling pathways in the cell},
  author={Tyson, John J and Chen, Katherine C and Novak, Bela},
  journal={Current Opinion in Cell Biology},
  volume={15},
  number={2},
  pages={221--231},
  year={2003},
  publisher={Elsevier}
}

@article{ye2015equation,
  title={Equation-free mechanistic ecosystem forecasting using empirical dynamic modeling},
  author={Ye, Hao and Beamish, Richard J and Glaser, Sarah M and Grant, Sue CH and Hsieh, Chih-hao and Richards, Laura J and Schnute, Jon T and Sugihara, George},
  journal={Proceedings of the National Academy of Sciences},
  volume={112},
  number={13},
  pages={E1569--E1576},
  year={2015},
  publisher={National Acad Sciences}
}

@article{vazquez2004ultimate,
  title={Ultimate fate of constrained voters},
  author={Vazquez, F and Redner, S},
  journal={Journal of Physics A: Mathematical and General},
  volume={37},
  number={35},
  pages={8479},
  year={2004},
  publisher={IOP Publishing}
}

@article{zhao2013sir,
  title={{SIR} rumor spreading model in the new media age},
  author={Zhao, Laijun and Cui, Hongxin and Qiu, Xiaoyan and Wang, Xiaoli and Wang, Jiajia},
  journal={Physica A: Statistical Mechanics and its Applications},
  volume={392},
  number={4},
  pages={995--1003},
  year={2013},
  publisher={Elsevier}
}
